<collection xmlns="http://www.loc.gov/MARC21/slim">
<record>
  <leader>03825nam0a2200637 i 450 </leader>
  <controlfield tag="001">IT\ICCU\CNCE\018106</controlfield>
  <controlfield tag="005">20150615000000.0</controlfield>
  <datafield tag="012" ind1=" " ind2=" ">
    <subfield code="a">e.o- 94u- g.,&amp; Quci (3) 1586 (R)</subfield>
    <subfield code="2">fei</subfield>
  </datafield>
  <datafield tag="100" ind1=" " ind2=" ">
    <subfield code="a">19970101d1586        0itac0103    ba</subfield>
  </datafield>
  <datafield tag="101" ind1=" " ind2=" ">
    <subfield code="a">LAT</subfield>
  </datafield>
  <datafield tag="102" ind1=" " ind2=" ">
    <subfield code="a">IT</subfield>
  </datafield>
  <datafield tag="200" ind1="1" ind2=" ">
    <subfield code="a">℗Henrici de Segusio cardinalis Hostiensis ℗Summa aurea ad vetustissimos codices summa fide diligentiaque nunc primo collata atque ab innumeris erroribus, quibus scatebat hactenus, repurgata. Cum antiquis Nicolai Superantii, atque eruditis recens ex Summa f. Martini abbatis, i.v.d. celeberrimi Azonis &amp; Accursij (vt ferunt) coaetanei adiectis adnotationibus. Accessit rerum, et verborum toto opere memorabilium locupletissimus index</subfield>
  </datafield>
  <datafield tag="210" ind1=" " ind2=" ">
    <subfield code="a">Venetiis</subfield>
    <subfield code="c">ex Officina Damiani Zenarij</subfield>
    <subfield code="d">1586</subfield>
    <subfield code="e">Venetiis</subfield>
    <subfield code="g">apud Valerium Bonellum 1586</subfield>
  </datafield>
  <datafield tag="215" ind1=" " ind2=" ">
    <subfield code="a">\14! c., 1950 col.</subfield>
    <subfield code="d">fol</subfield>
  </datafield>
  <datafield tag="620" ind1=" " ind2=" ">
    <subfield code="a">IT</subfield>
    <subfield code="d">Venezia</subfield>
  </datafield>
  <datafield tag="700" ind1=" " ind2="0">
    <subfield code="a">Enrico</subfield>
    <subfield code="c"> : da#Susa</subfield>
    <subfield code="3">IT\ICCU\CNCA\005071</subfield>
  </datafield>
  <datafield tag="702" ind1=" " ind2="0">
    <subfield code="a">Martino del Cassero</subfield>
    <subfield code="c"> : da#Fano</subfield>
    <subfield code="3">IT\ICCU\CNCA\009901</subfield>
  </datafield>
  <datafield tag="702" ind1=" " ind2="1">
    <subfield code="a">Soranzo,</subfield>
    <subfield code="b"></subfield>
    <subfield code="3">IT\ICCU\CNCA\000010</subfield>
  </datafield>
  <datafield tag="702" ind1=" " ind2="0">
    <subfield code="a">Azzone</subfield>
    <subfield code="3">IT\ICCU\CNCA\001002</subfield>
  </datafield>
  <datafield tag="702" ind1=" " ind2="0">
    <subfield code="a">Accursio</subfield>
    <subfield code="3">IT\ICCU\CNCA\003158</subfield>
  </datafield>
  <datafield tag="712" ind1="0" ind2="0">
    <subfield code="a">Zenaro, Damiano</subfield>
    <subfield code="3">IT\ICCU\CNCT\000294</subfield>
    <subfield code="4">650</subfield>
  </datafield>
  <datafield tag="712" ind1="0" ind2="0">
    <subfield code="a">Bonelli, Valerio</subfield>
    <subfield code="3">IT\ICCU\CNCT\000759</subfield>
    <subfield code="4">650</subfield>
  </datafield>
  <datafield tag="790" ind1=" " ind2="1">
    <subfield code="a">Bartholomaeis,</subfield>
    <subfield code="b">Henricus : de</subfield>
    <subfield code="3">IT\ICCU\CNCA\007712</subfield>
    <subfield code="z">Enrico : da#Susa</subfield>
  </datafield>
  <datafield tag="790" ind1=" " ind2="1">
    <subfield code="a">Bartolomei,</subfield>
    <subfield code="b">Enrico</subfield>
    <subfield code="3">IT\ICCU\CNCA\007732</subfield>
    <subfield code="z">Enrico : da#Susa</subfield>
  </datafield>
  <datafield tag="790" ind1=" " ind2="0">
    <subfield code="a">Ostiense</subfield>
    <subfield code="3">IT\ICCU\CNCA\014126</subfield>
    <subfield code="z">Enrico : da#Susa</subfield>
  </datafield>
  <datafield tag="790" ind1=" " ind2="0">
    <subfield code="a">Henricus</subfield>
    <subfield code="c"> : de#Segusio</subfield>
    <subfield code="3">IT\ICCU\CNCA\014338</subfield>
    <subfield code="z">Enrico : da#Susa</subfield>
  </datafield>
  <datafield tag="790" ind1=" " ind2="1">
    <subfield code="a">Hostiensis,</subfield>
    <subfield code="b">Henricus : de#Segusia</subfield>
    <subfield code="3">IT\ICCU\CNCA\014430</subfield>
    <subfield code="z">Enrico : da#Susa</subfield>
  </datafield>
  <datafield tag="790" ind1=" " ind2="0">
    <subfield code="a">Martino</subfield>
    <subfield code="c"> : da#Fano</subfield>
    <subfield code="3">IT\ICCU\CNCA\020638</subfield>
    <subfield code="z">Martino del Cassero : da#Fano</subfield>
  </datafield>
  <datafield tag="790" ind1=" " ind2="1">
    <subfield code="a">Sillaniano,</subfield>
    <subfield code="b">Martino</subfield>
    <subfield code="3">IT\ICCU\CNCA\020639</subfield>
    <subfield code="z">Martino del Cassero : da#Fano</subfield>
  </datafield>
  <datafield tag="790" ind1=" " ind2="1">
    <subfield code="a">Superantius,</subfield>
    <subfield code="b">Nicolaus</subfield>
    <subfield code="3">IT\ICCU\CNCA\005072</subfield>
    <subfield code="z"></subfield>
  </datafield>
  <datafield tag="790" ind1=" " ind2="1">
    <subfield code="a">Azo,</subfield>
    <subfield code="b">Portius</subfield>
    <subfield code="3">IT\ICCU\CNCA\023408</subfield>
    <subfield code="z">Azzone</subfield>
  </datafield>
  <datafield tag="790" ind1=" " ind2="0">
    <subfield code="a">Azone</subfield>
    <subfield code="3">IT\ICCU\CNCA\023410</subfield>
    <subfield code="z">Azzone</subfield>
  </datafield>
  <datafield tag="790" ind1=" " ind2="1">
    <subfield code="a">Azo,</subfield>
    <subfield code="b">Dominicus</subfield>
    <subfield code="3">IT\ICCU\CNCA\023411</subfield>
    <subfield code="z">Azzone</subfield>
  </datafield>
  <datafield tag="790" ind1=" " ind2="0">
    <subfield code="a">Azo</subfield>
    <subfield code="3">IT\ICCU\CNCA\023412</subfield>
    <subfield code="z">Azzone</subfield>
  </datafield>
  <datafield tag="790" ind1=" " ind2="0">
    <subfield code="a">Accursius</subfield>
    <subfield code="3">IT\ICCU\CNCA\012271</subfield>
    <subfield code="z">Accursio</subfield>
  </datafield>
  <datafield tag="790" ind1=" " ind2="0">
    <subfield code="a">Accorso</subfield>
    <subfield code="3">IT\ICCU\CNCA\012272</subfield>
    <subfield code="z">Accursio</subfield>
  </datafield>
  <datafield tag="791" ind1="0" ind2="2">
    <subfield code="a">℗al segno della ℗Salamandra</subfield>
    <subfield code="c"> &lt;1563-1600&gt;</subfield>
    <subfield code="3">IT\ICCU\CNCT\002327</subfield>
    <subfield code="z">Zenaro, Damiano</subfield>
  </datafield>
  <datafield tag="791" ind1="0" ind2="0">
    <subfield code="a">Genarus, Damianus</subfield>
    <subfield code="3">IT\ICCU\CNCT\002957</subfield>
    <subfield code="z">Zenaro, Damiano</subfield>
  </datafield>
  <datafield tag="791" ind1="0" ind2="0">
    <subfield code="a">Zenarus, Damianus</subfield>
    <subfield code="3">IT\ICCU\CNCT\005823</subfield>
    <subfield code="z">Zenaro, Damiano</subfield>
  </datafield>
  <datafield tag="791" ind1="0" ind2="0">
    <subfield code="a">Zenarius, Damianus</subfield>
    <subfield code="3">IT\ICCU\CNCT\005824</subfield>
    <subfield code="z">Zenaro, Damiano</subfield>
  </datafield>
  <datafield tag="791" ind1="0" ind2="0">
    <subfield code="a">Bonellus, Valerius</subfield>
    <subfield code="3">IT\ICCU\CNCT\004715</subfield>
    <subfield code="z">Bonelli, Valerio</subfield>
  </datafield>
  <datafield tag="801" ind1=" " ind2="3">
    <subfield code="a">IT</subfield>
    <subfield code="b">ICCU</subfield>
    <subfield code="c">20201114</subfield>
  </datafield>
  <datafield tag="899" ind1=" " ind2=" ">
    <subfield code="a">Biblioteca comunale Antonelliana. Senigallia</subfield>
    <subfield code="1">AN0069</subfield>
    <subfield code="2">URB BS</subfield>
  </datafield>
  <datafield tag="899" ind1=" " ind2=" ">
    <subfield code="a">Biblioteca civica A. Mai. Bergamo</subfield>
    <subfield code="1">BG0026</subfield>
    <subfield code="2">LO1 02</subfield>
  </datafield>
  <datafield tag="899" ind1=" " ind2=" ">
    <subfield code="a">Biblioteca Giuridica Antonio Cicu - Alma Mater Studiorum - Universit ̉di Bologna. Bologna</subfield>
    <subfield code="1">BO0036</subfield>
    <subfield code="2">UBO IG</subfield>
  </datafield>
  <datafield tag="899" ind1=" " ind2=" ">
    <subfield code="a">Biblioteca diocesana di Brescia. Brescia</subfield>
    <subfield code="1">BS0031</subfield>
    <subfield code="2">ZBS 02</subfield>
  </datafield>
  <datafield tag="899" ind1=" " ind2=" ">
    <subfield code="a">Biblioteca comunale Giosu ̈Carducci. Citt ̉di Castello</subfield>
    <subfield code="1">PG0032</subfield>
    <subfield code="2">UM1 05</subfield>
  </datafield>
  <datafield tag="899" ind1=" " ind2=" ">
    <subfield code="a">Biblioteca diocesana. Todi</subfield>
    <subfield code="1">PG0173</subfield>
    <subfield code="2">PBE 33</subfield>
  </datafield>
  <datafield tag="899" ind1=" " ind2=" ">
    <subfield code="a">Biblioteca Roncioniana - Fondazione Eredit ̉Marco Roncioni (ONLUS). Prato</subfield>
    <subfield code="1">PO0005</subfield>
    <subfield code="2">RT1 EB</subfield>
  </datafield>
  <datafield tag="899" ind1=" " ind2=" ">
    <subfield code="a">Biblioteca Oliveriana. Pesaro</subfield>
    <subfield code="1">PU0061</subfield>
    <subfield code="2">URB OL</subfield>
  </datafield>
  <datafield tag="899" ind1=" " ind2=" ">
    <subfield code="a">Biblioteca universitaria Alessandrina. Roma</subfield>
    <subfield code="z">MUTILO</subfield>
    <subfield code="1">RM0280</subfield>
    <subfield code="2">RML 01</subfield>
  </datafield>
  <datafield tag="899" ind1=" " ind2=" ">
    <subfield code="a">Biblioteca universitaria. Sassari</subfield>
    <subfield code="1">SS0073</subfield>
    <subfield code="2">CAG US</subfield>
  </datafield>
  <datafield tag="899" ind1=" " ind2=" ">
    <subfield code="a">Fondazione Biblioteca S. Bernardino. Trento</subfield>
    <subfield code="1">TN0122</subfield>
    <subfield code="2">ZTN 18</subfield>
  </datafield>
  <datafield tag="899" ind1=" " ind2=" ">
    <subfield code="a">Biblioteca del Seminario vescovile. Treviso</subfield>
    <subfield code="1">TV0113</subfield>
    <subfield code="2">VIA TS</subfield>
  </datafield>
  <datafield tag="911" ind1=" " ind2=" ">
    <subfield code="a">Sul front.</subfield>
    <subfield code="9">IT\ICCU\CNCM\001453</subfield>
  </datafield>
  <datafield tag="921" ind1=" " ind2=" ">
    <subfield code="a">IT\ICCU\CNCM\001453</subfield>
    <subfield code="b">Salamandra coronata tra le fiamme. In cornice figurata</subfield>
    <subfield code="e">Virtuti sic cedit invidia</subfield>
    <subfield code="c">U390</subfield>
    <subfield code="d">Dimensioni: 12 x 11</subfield>
    <subfield code="f">VIRTUTISIC</subfield>
    <subfield code="f">SALAMANDRA</subfield>
    <subfield code="g">1569-1592</subfield>
  </datafield>
</record>
</collection>
